@misc{Gavrikov2020VisualKeras,
  author = {Gavrikov, Paul},
  title = {visualkeras},
  year = {2020},
  publisher = {GitHub},
  journal = {GitHub repository},
  howpublished = {\url{https://github.com/paulgavrikov/visualkeras}},
}
@techreport{clark1965discharge,
  title={Discharge Patterns of Single Fibers in the Cat's Auditory Nerve},
  author={Clark, LF and Kiang, NY-S and Thomas, EC and others},
  year={1965}
}
